<record><leader>00000cas a22000007a 4500</leader><controlfield tag="001">13710702</controlfield><controlfield tag="008">860610d18641864nvuwr ne      0    0eng d</controlfield><datafield ind1=" " ind2=" " tag="010"><subfield code="a">sn 86076193 </subfield></datafield><datafield ind1=" " ind2=" " tag="040"><subfield code="a">NNX</subfield><subfield code="b">eng</subfield><subfield code="c">NNX</subfield><subfield code="d">CNK</subfield><subfield code="d">OCLCQ</subfield></datafield><datafield ind1=" " ind2=" " tag="042"><subfield code="a">msc</subfield></datafield><datafield ind1="0" ind2="4" tag="245"><subfield code="a">The Como sentinel.</subfield></datafield><datafield ind1=" " ind2=" " tag="260"><subfield code="a">Como, N.T. [i.e. Nev.] :</subfield><subfield code="b">Weston &amp; Abraham,</subfield><subfield code="c">1864.</subfield></datafield><datafield ind1=" " ind2=" " tag="300"><subfield code="a">1 v.</subfield></datafield><datafield ind1=" " ind2=" " tag="310"><subfield code="a">Weekly</subfield></datafield><datafield ind1="0" ind2=" " tag="362"><subfield code="a">Vol. 1, no. 1 (Apr. 16, 1864)-v. 1, no. 13 (July 9, 1864).</subfield></datafield><datafield ind1=" " ind2=" " tag="530"><subfield code="a">Microfilm available from the Bancroft Library.</subfield></datafield><datafield ind1=" " ind2=" " tag="752"><subfield code="a">United States</subfield><subfield code="b">Nevada</subfield><subfield code="c">Lyon</subfield><subfield code="d">Como.</subfield></datafield><datafield ind1="0" ind2="0" tag="785"><subfield code="t">Lyon county sentinel</subfield><subfield code="w">(DLC)sn 86076194</subfield></datafield></record>